<record xmlns="http://www.loc.gov/MARC21/slim" xmlns:xsi="http://www.w3.org/2001/XMLSchema-instance" xsi:schemaLocation="http://www.loc.gov/MARC21/slim http://www.loc.gov/standards/marcxml/schema/MARC21slim.xsd"><leader>01322cz   2200253n  4500</leader><controlfield tag="001">oca00790339 </controlfield><controlfield tag="005">20010620064224.0</controlfield><controlfield tag="008">820917n| acannaabn          |a aaa      </controlfield><datafield ind1=" " ind2=" " tag="010"><subfield code="a">n  82093718 </subfield></datafield><datafield ind1=" " ind2=" " tag="040"><subfield code="a">DLC</subfield><subfield code="c">DLC</subfield><subfield code="d">DLC</subfield><subfield code="d">CSt</subfield><subfield code="d">ICU</subfield><subfield code="d">Uk</subfield></datafield><datafield ind1="0" ind2=" " tag="100"><subfield code="a">Palladius,</subfield><subfield code="c">Bishop of Aspuna,</subfield><subfield code="d">d. ca. 430</subfield></datafield><datafield ind1="0" ind2=" " tag="400"><subfield code="a">Palladius,</subfield><subfield code="c">successively Bp. of Helenopolis and of Aspona,</subfield><subfield code="d">d. ca. 430</subfield><subfield code="w">nnaa</subfield></datafield><datafield ind1="0" ind2=" " tag="400"><subfield code="a">Palladius,</subfield><subfield code="c">Bishop of Helenopolis,</subfield><subfield code="d">d. ca. 430</subfield></datafield><datafield ind1="0" ind2=" " tag="400"><subfield code="a">Palladios,</subfield><subfield code="c">Bishop of Aspuna,</subfield><subfield code="d">d. ca. 430</subfield></datafield><datafield ind1="0" ind2=" " tag="400"><subfield code="a">Palladius,</subfield><subfield code="c">of Helenopolis,</subfield><subfield code="d">d. ca. 430</subfield></datafield><datafield ind1="0" ind2=" " tag="400"><subfield code="a">Pallade,</subfield><subfield code="c">Bishop of Aspuna,</subfield><subfield code="d">d. ca. 430</subfield></datafield><datafield ind1="0" ind2=" " tag="400"><subfield code="a">PalladiÌ&#x84;iÌ&#x86;,</subfield><subfield code="c">Bishop of Aspuna,</subfield><subfield code="d">d. ca. 430</subfield></datafield><datafield ind1="0" ind2=" " tag="400"><subfield code="a">Pallade,</subfield><subfield code="c">d'HeÌ&#x81;leÌ&#x81;nopolis,</subfield><subfield code="d">d. ca. 430</subfield></datafield><datafield ind1=" " ind2=" " tag="670"><subfield code="a">Budge, E. A. T. W. The book of Paradise, 1904.</subfield></datafield><datafield ind1=" " ind2=" " tag="670"><subfield code="a">New Cath. enc., 1981</subfield><subfield code="b">(Palladius of Helenopolis; 4th cent. monk, bishop, and writer; b. Galatia, 363 or 364; d. probably Aspuna, before 431; consecrated bishop of Helenopolis, 400; trans. to diocese of Aspuna, 417)</subfield></datafield><datafield ind1=" " ind2=" " tag="670"><subfield code="a">Cath. enc., 1913</subfield><subfield code="b">(Palladius; b. Galatia 368; d. probably before 431)</subfield></datafield><datafield ind1=" " ind2=" " tag="670"><subfield code="a">Bib. nat.</subfield><subfield code="b">(Pallade, eÌ&#x82;veÌ&#x82;que d'HeÌ&#x82;leÌ&#x82;nopolis)</subfield></datafield><datafield ind1=" " ind2=" " tag="670"><subfield code="a">His Lavsaik [MI] 1873:</subfield><subfield code="b">t.p. (PalladiÌ&#x84;iï¸&#160;aï¸¡, episkopa elenopolÊ¹skago)</subfield></datafield><datafield ind1=" " ind2=" " tag="670"><subfield code="a">Histoire Lausiaque, 1999:</subfield><subfield code="b">t.p. (Pallade d'HeÌ&#x81;leÌ&#x81;nopolis)</subfield></datafield></record>